<?xml version="1.0" encoding="UTF-8"?><collection xmlns="http://www.loc.gov/MARC21/slim"><record><leader>00644nam--2200193-i-4500</leader><controlfield tag="001">000013407</controlfield><controlfield tag="002">20161230</controlfield><controlfield tag="005">20161230201030</controlfield><controlfield tag="008">060222s1000------------r-----000-0-eng-d</controlfield><datafield ind1=" " ind2=" " tag="040"><subfield code="a">IFIN-HH</subfield></datafield><datafield ind1=" " ind2=" " tag="080"><subfield code="a">530.1456(061.3)</subfield></datafield><datafield ind1="1" ind2=" " tag="100"><subfield code="a">Frazer, William</subfield></datafield><datafield ind1="1" ind2="0" tag="245"><subfield code="a">Quantum chromodynamics (la jolla institute, 1978) particles and fields subseries no.18. aip conference proceedings, number 55</subfield><subfield code="c">William frazer, frank henyey (eds.)</subfield></datafield><datafield ind1=" " ind2=" " tag="260"><subfield code="a">New York</subfield><subfield code="b">American Institute Of Physics</subfield><subfield code="c">1979</subfield></datafield><datafield ind1=" " ind2=" " tag="300"><subfield code="a">339P</subfield></datafield><datafield ind1=" " ind2=" " tag="490"><subfield code="a">Aip Conference Proceedings, 55</subfield></datafield><datafield ind1="1" ind2=" " tag="700"><subfield code="a">Henyey, Frank</subfield><subfield code="e">Ed</subfield></datafield><datafield ind1=" " ind2=" " tag="852"><subfield code="a">37027</subfield><subfield code="c">53</subfield></datafield><datafield ind1=" " ind2=" " tag="CAT"><subfield code="a">Sys</subfield><subfield code="c">20150316</subfield><subfield code="h">082058</subfield></datafield></record></collection>